@book{
	aft,
	author="S. Haykin",
	title="Adaptive Filter Theory",
	publisher="Prentice-Hall",
	year=1996,
	pages=516
}

@book{
	didfileters,
	author="Хэмминг Р. У.",
	title="Цифровые фильтры",
	publisher="Советское радио",
	year=1980,
	pages=225
}

@book{
	easyguide,
	author="Steven W. Smith",
	title="The Scientist and Engineer’s Guide to Digital Signal Processing",
	publisher="California Technical Publishing",
	year=1999,
	pages=650
}

@book{
	theorysignal,
	author="Рабинер Л. Р., Гоулд В.",
	title="Теория и применение цифровой обработки сигналов",
	publisher="Мир",
	year=1978,
	pages=849
}

@book{
	diskretiz,
	author="Ястребов, И.П.",
	title="Дискретизация непрерывных сигналов во времени. Теорема Котельникова",
	publisher="Нижегородский государственный университет им. Н.И. Лобачевского",
	year=2012,
	pages=31
}

@book{
	usage,
	author="Каппелини В., Константинидис Дж., Эмилиани П.",
	title="Цифровые фильтры и их применение",
	publisher="Энергоатомиздат",
	year=1983,
	pages=159
}


@misc{calman1,
	title="Гуров Игорь Петрович, П.Г. Жиганов, Озерский Александр Маркович Анализ акустических сигналов на основе метода фильтрации Калмана [Электронный ресурс]",
	howpublished="Режим доступа: \url{https://cyberleninka.ru/article/n/analiz-akusticheskih-signalov-na-osnove-metoda-filtratsii-kalmana} (дата обращения: 20.12.2021)"
}

@misc{calman2,
	title="Павловская Дарья Игоревна Алгоритм фильтрации Калмана для процессов с дискретным временем [Электронный ресурс]",
	howpublished="Режим доступа: \url{https://cyberleninka.ru/article/n/algoritm-filtratsii-kalmana-dlya-protsessov-s-diskretnym-vremenem} (дата обращения: 20.12.2021)"
}

@misc{calman3,
	title="Захаров Алексей Сергеевич Восстановление фазы интерференционных полос методом нелинейной двумерной фильтрации Калмана [Электронный ресурс]",
	howpublished="Режим доступа: \url{https://cyberleninka.ru/article/n/vosstanovlenie-fazy-interferentsionnyh-polos-metodom-nelineynoy-dvumernoy-filtratsii-kalmana} (дата обращения: 20.12.2021)"
}

@misc{med1,
	title="Моисеев Александр Александрович Медианно-рекурсивная фильтрация [Электронный ресурс]",
	howpublished="Режим доступа: \url{https://cyberleninka.ru/article/n/medianno-rekursivnaya-filtratsiya} (дата обращения: 20.12.2021)"
}

@misc{med2,
	title="Бардин Борис Васильевич Быстрый алгоритм медианной фильтрации [Электронный ресурс]",
	howpublished="Режим доступа: \url{https://cyberleninka.ru/article/n/bystryy-algoritm-mediannoy-filtratsii} (дата обращения: 23.12.2021)"
}

@misc{med3,
	title="Переверзев Алексей Леонидович Алгоритм цифровой фильтрации для оценки медленно изменяющейся медианы сигнала [Электронный ресурс]",
	howpublished="Режим доступа: \url{https://cyberleninka.ru/article/n/algoritm-tsifrovoy-filtratsii-dlya-otsenki-medlenno-izmenyayuscheysya-mediany-signala-1} (дата обращения: 23.12.2021)"
}

@misc{med4,
	title="Червяков Николай Иванович, Ляхов Павел Алексеевич, Оразаев Анзор Русланович Новые методы адаптивной медианной фильтрации импульсного шума в изображениях [Электронный ресурс]",
	howpublished="Режим доступа: \url{https://cyberleninka.ru/article/n/novye-metody-adaptivnoy-mediannoy-filtratsii-impulsnogo-shuma-v-izobrazheniyah} (дата обращения: 23.12.2021)"
}

@misc{glide1,
	title="Липатов Иван Николаевич Сравнение качества работы обычного и адаптивного фильтров скользящего среднего и фильтра на основе вейвлета Хаара [Электронный ресурс]",
	howpublished="Режим доступа: \url{https://cyberleninka.ru/article/n/sravnenie-kachestva-raboty-obychnogo-i-adaptivnogo-filtrov-skolzyaschego-srednego-i-filtra-na-osnove-veyvleta-haara} (дата обращения: 25.12.2021)"
}

@misc{glide2,
	title="Морозов Р.О., Девитт Д.В. Методы обработки навигационной информации в целях повышения точности [Электронный ресурс]",
	howpublished="Режим доступа: \url{https://cyberleninka.ru/article/n/metody-obrabotki-navigatsionnoy-informatsii-v-tselyah-povysheniya-tochnosti} (дата обращения: 25.12.2021)"
}

@misc{glide3,
	title="Иванов Юрий Павлович Метод адаптивной оптимальной фильтрации сигналов в навигационных комплексах [Электронный ресурс]",
	howpublished="Режим доступа: \url{https://cyberleninka.ru/article/n/metod-adaptivnoy-optimalnoy-filtratsii-signalov-v-navigatsionnyh-kompleksah} (дата обращения: 25.12.2021)"
}

@misc{avg1,
	title="Болотин Юрий Владимирович, Дорошин Данила Рубенович Адаптивная фильтрация данных авиагравиметрии с использованием скрытых марковских моделей [Электронный ресурс]",
	howpublished="Режим доступа: \url{https://cyberleninka.ru/article/n/adaptivnaya-filtratsiya-dannyh-aviagravimetrii-s-ispolzovaniem-skrytyh-markovskih-modeley} (дата обращения: 25.12.2021)"
}

@misc{intro,
	title="Калашников Александр Геннадьевич, Бондаренко Денис Андреевич Алгоритмы фильтрации мультироторных беспилотных летательных аппаратов [Электронный ресурс]",
	howpublished="Режим доступа: \url{https://cyberleninka.ru/article/n/algaritmy-filtratsii-multirotornyh-bespilotnyh-letatelnyh-apparatov} (дата обращения: 25.12.2021)"
}

@misc{noise1,
	title="Гребенюк К. А. Основные виды шумов в электронных полупроводниковых приборах [Электронный ресурс]",
	howpublished="Режим доступа: \url{https://cyberleninka.ru/article/n/osnovnye-vidy-shumov-v-elektronnyh-poluprovodnikovyh-priborah} (дата обращения: 25.12.2021)"
}

@misc{noise2,
	title="Попов Юрий Васильевич, Далецкий Станислав Владимирович, Колитиевский Юрий Михайлович Характеристики и виды тонов и шумов в кабине экипажа [Электронный ресурс]",
	howpublished="Режим доступа: \url{https://cyberleninka.ru/article/n/harakteristiki-i-vidy-tonov-i-shumov-v-kabine-ekipazha} (дата обращения: 25.12.2021)"
}